@inproceedings{purcell2014life,
  title={Life at low Reynolds number},
  author={Purcell, Edward M},
  booktitle={Physics and our world: reissue of the proceedings of a symposium in honor of Victor F Weisskopf},
  pages={47--67},
  year={2014},
  organization={World Scientific}
}

@article{einstein1906theory,
  title={On the theory of the Brownian movement},
  author={Einstein, Albert},
  journal={Ann. Phys},
  volume={19},
  number={4},
  pages={371--381},
  year={1906}
}
